<?xml version="1.0" encoding="UTF-8"?>
<collection><record><leader>01489nam a2200349 c 4500</leader><controlfield tag="001">991171012127005501</controlfield><controlfield tag="005">20230131165600.0</controlfield><controlfield tag="007">tu</controlfield><controlfield tag="008">220511s2023    gw ||||| |||| 00||||ger  </controlfield><datafield tag="015" ind1=" " ind2=" "><subfield code="a">22,N20</subfield><subfield code="2">dnb</subfield></datafield><datafield tag="016" ind1="7" ind2=" "><subfield code="2">DE-101</subfield><subfield code="a">125725149X</subfield></datafield><datafield tag="020" ind1=" " ind2=" "><subfield code="a">9783446472310</subfield><subfield code="q">Print</subfield><subfield code="c">circa EUR 39.99 (DE), circa EUR 41.20 (AT)</subfield></datafield><datafield tag="020" ind1=" " ind2=" "><subfield code="a">3446472312</subfield></datafield><datafield tag="035" ind1=" " ind2=" "><subfield code="a">(DE-101)125725149X</subfield></datafield><datafield tag="035" ind1=" " ind2=" "><subfield code="a">(DE-599)DNB125725149X</subfield></datafield><datafield tag="040" ind1=" " ind2=" "><subfield code="a">DE-101</subfield><subfield code="b">ger</subfield><subfield code="c">DE-101</subfield><subfield code="d">CH-ZuSLS OSTGR E27</subfield><subfield code="d">CH-ZuSLS BFH E56</subfield></datafield><datafield tag="044" ind1=" " ind2=" "><subfield code="c">XA-DE-BY</subfield></datafield><datafield tag="100" ind1="1" ind2=" "><subfield code="a">Freiknecht, Jonas</subfield><subfield code="d">1985-</subfield><subfield code="4">aut</subfield><subfield code="0">(DE-588)1026874556</subfield></datafield><datafield tag="245" ind1="1" ind2="0"><subfield code="a">KI-Sprachassistenten mit Python entwickeln</subfield><subfield code="b">Datenbewusst, open-source und modular</subfield><subfield code="c">Jonas Freiknecht</subfield></datafield><datafield tag="264" ind1=" " ind2="1"><subfield code="a">München</subfield><subfield code="b">Hanser</subfield><subfield code="c">2023</subfield></datafield><datafield tag="300" ind1=" " ind2=" "><subfield code="a">IX, 325 Seiten</subfield><subfield code="b">Illustrationen</subfield></datafield><datafield tag="336" ind1=" " ind2=" "><subfield code="b">txt</subfield><subfield code="2">rdacontent</subfield></datafield><datafield tag="337" ind1=" " ind2=" "><subfield code="b">n</subfield><subfield code="2">rdamedia</subfield></datafield><datafield tag="338" ind1=" " ind2=" "><subfield code="b">nc</subfield><subfield code="2">rdacarrier</subfield></datafield><datafield tag="504" ind1=" " ind2=" "><subfield code="a">Literaturverzeichnis Seite: 317-318. Stichwortverzeichnis Seite: 319-325.</subfield></datafield><datafield tag="650" ind1=" " ind2="7"><subfield code="a">KÜNSTLICHE INTELLIGENZ</subfield><subfield code="9">ger</subfield><subfield code="0">(ETHUDK)000009085</subfield><subfield code="2">ethudk</subfield></datafield><datafield tag="650" ind1=" " ind2="7"><subfield code="a">AUTOMATISCHE SPRACHERKENNUNG (AKUSTIK)</subfield><subfield code="9">ger</subfield><subfield code="0">(ETHUDK)000014758</subfield><subfield code="2">ethudk</subfield></datafield><datafield tag="650" ind1=" " ind2="7"><subfield code="a">PYTHON (PROGRAMMIERSPRACHEN)</subfield><subfield code="0">(ETHUDK)000062602</subfield><subfield code="9">ger</subfield><subfield code="2">ethudk</subfield></datafield><datafield tag="650" ind1=" " ind2="7"><subfield code="a">MASCHINELLES LERNEN (KÜNSTLICHE INTELLIGENZ)</subfield><subfield code="9">ger</subfield><subfield code="0">(ETHUDK)000038192</subfield><subfield code="2">ethudk</subfield></datafield><datafield tag="650" ind1=" " ind2="7"><subfield code="a">HUMAN-COMPUTER INTERACTION, HCI</subfield><subfield code="0">(ETHUDK)000053489</subfield><subfield code="9">ger</subfield><subfield code="2">ethudk</subfield></datafield><datafield tag="776" ind1="0" ind2="8"><subfield code="i">Erscheint auch als</subfield><subfield code="n">Online-Ausgabe (e-book)</subfield><subfield code="z">9783446474482</subfield></datafield><datafield tag="776" ind1="0" ind2="8"><subfield code="i">E-Pub</subfield><subfield code="z">9783446476592</subfield></datafield></record>