<record><leader>00726nam a22002178c 4500</leader><controlfield tag="001">991171016129705501</controlfield><controlfield tag="005">20230208162215.0</controlfield><controlfield tag="008">220408t20232023gw a   | |||| 00||||ger  </controlfield><datafield tag="020" ind1=" " ind2=" "><subfield code="a">9783527719952</subfield></datafield><datafield tag="040" ind1=" " ind2=" "><subfield code="a">DE-101</subfield><subfield code="b">ger</subfield><subfield code="c">DE-101</subfield><subfield code="d">CH-ZuSLS BVERW BIG</subfield><subfield code="e">rda</subfield></datafield><datafield tag="100" ind1="1" ind2=" "><subfield code="a">Ermel, Claudia</subfield><subfield code="4">aut</subfield><subfield code="0">(DE-588)114558914</subfield></datafield><datafield tag="245" ind1="1" ind2="0"><subfield code="a">Programmieren und zeichnen mit Python für Dummies Junior</subfield><subfield code="c">Claudia Ermel, Olga Runge</subfield></datafield><datafield tag="250" ind1=" " ind2=" "><subfield code="a">2. Auflage 2023</subfield></datafield><datafield tag="264" ind1=" " ind2="1"><subfield code="a">Weinheim</subfield><subfield code="b">Wiley-VCH</subfield><subfield code="c">2023</subfield></datafield><datafield tag="300" ind1=" " ind2=" "><subfield code="a">221 Seiten</subfield><subfield code="b">Illustrationen</subfield></datafield><datafield tag="336" ind1=" " ind2=" "><subfield code="b">txt</subfield><subfield code="2">rdacontent</subfield></datafield><datafield tag="337" ind1=" " ind2=" "><subfield code="b">n</subfield><subfield code="2">rdamedia</subfield></datafield><datafield tag="338" ind1=" " ind2=" "><subfield code="b">nc</subfield><subfield code="2">rdacarrier</subfield></datafield><datafield tag="490" ind1="0" ind2=" "><subfield code="a">... für Dummies</subfield></datafield><datafield tag="650" ind1=" " ind2="7"><subfield code="a">Schlagwort</subfield><subfield code="2">gnd</subfield></datafield><datafield tag="700" ind1="1" ind2=" "><subfield code="a">Runge, Olga</subfield><subfield code="4">aut</subfield><subfield code="0">(DE-588)1138717282</subfield></datafield></record>