<record><leader>01550nam a2200409 c 4500</leader><controlfield tag="001">991171021422205501</controlfield><controlfield tag="005">20230201101208.0</controlfield><controlfield tag="008">220307s2023    xxk           000 0 eng d</controlfield><datafield tag="015" ind1=" " ind2=" "><subfield code="a">GBC244409</subfield><subfield code="2">bnb</subfield></datafield><datafield tag="016" ind1="7" ind2=" "><subfield code="a">020518196</subfield><subfield code="2">Uk</subfield></datafield><datafield tag="020" ind1=" " ind2=" "><subfield code="a">9781292424125</subfield><subfield code="q">pbk.</subfield></datafield><datafield tag="020" ind1=" " ind2=" "><subfield code="a">1292424125</subfield></datafield><datafield tag="035" ind1=" " ind2=" "><subfield code="a">(OCoLC)1308489142</subfield></datafield><datafield tag="040" ind1=" " ind2=" "><subfield code="a">UKMGB</subfield><subfield code="b">ger</subfield><subfield code="e">rda</subfield><subfield code="c">UKMGB</subfield><subfield code="d">OCLCO</subfield><subfield code="d">CH-ZuSLS UZB ZB</subfield></datafield><datafield tag="082" ind1="7" ind2="4"><subfield code="a">004</subfield><subfield code="2">23sdnb</subfield></datafield><datafield tag="082" ind1="0" ind2="4"><subfield code="a">005.133</subfield><subfield code="2">23</subfield></datafield><datafield tag="084" ind1=" " ind2=" "><subfield code="a">ST 250</subfield><subfield code="2">rvk</subfield></datafield><datafield tag="100" ind1="1" ind2=" "><subfield code="a">Liang, Y. Daniel</subfield><subfield code="4">aut</subfield><subfield code="0">(DE-588)1235702677</subfield></datafield><datafield tag="245" ind1="1" ind2="0"><subfield code="a">Introduction to Python programming and data structures</subfield><subfield code="c">Y. Daniel Liang</subfield></datafield><datafield tag="250" ind1=" " ind2=" "><subfield code="a">Third edition, global edition</subfield></datafield><datafield tag="264" ind1=" " ind2="1"><subfield code="a">Harlow, United Kingdom</subfield><subfield code="b">Pearson</subfield><subfield code="c">[2023]</subfield></datafield><datafield tag="300" ind1=" " ind2=" "><subfield code="a">797 Seiten</subfield><subfield code="b">Illustrationen</subfield></datafield><datafield tag="336" ind1=" " ind2=" "><subfield code="b">txt</subfield><subfield code="2">rdacontent</subfield></datafield><datafield tag="337" ind1=" " ind2=" "><subfield code="b">n</subfield><subfield code="2">rdamedia</subfield></datafield><datafield tag="338" ind1=" " ind2=" "><subfield code="b">nc</subfield><subfield code="2">rdacarrier</subfield></datafield><datafield tag="650" ind1=" " ind2="0"><subfield code="a">Python (Computer program language)</subfield></datafield><datafield tag="650" ind1=" " ind2="0"><subfield code="a">Object-oriented programming (Computer science)</subfield></datafield><datafield tag="650" ind1=" " ind2="6"><subfield code="a">Python (Langage de programmation)</subfield></datafield><datafield tag="650" ind1=" " ind2="6"><subfield code="a">Programmation orientée objet (Informatique)</subfield></datafield><datafield tag="650" ind1=" " ind2="7"><subfield code="a">Object-oriented programming (Computer science)</subfield><subfield code="2">fast</subfield><subfield code="0">(OCoLC)fst01042804</subfield></datafield><datafield tag="650" ind1=" " ind2="7"><subfield code="a">Python (Computer program language)</subfield><subfield code="2">fast</subfield><subfield code="0">(OCoLC)fst01084736</subfield></datafield><datafield tag="650" ind1=" " ind2="7"><subfield code="a">Python</subfield><subfield code="g">Programmiersprache</subfield><subfield code="2">gnd</subfield><subfield code="0">(DE-588)4434275-5</subfield></datafield><datafield tag="650" ind1=" " ind2="7"><subfield code="a">Objektorientierte Programmierung</subfield><subfield code="2">gnd</subfield><subfield code="0">(DE-588)4233947-9</subfield></datafield><datafield tag="650" ind1=" " ind2="7"><subfield code="a">Datenstruktur</subfield><subfield code="2">gnd</subfield><subfield code="0">(DE-588)4011146-5</subfield></datafield><datafield tag="655" ind1=" " ind2="7"><subfield code="a">Lehrbuch</subfield><subfield code="2">gnd-content</subfield></datafield><datafield tag="900" ind1=" " ind2=" "><subfield code="a">OK_GND</subfield><subfield code="x">UZB/Z01/202212/tschu</subfield></datafield><datafield tag="900" ind1=" " ind2=" "><subfield code="a">Stoppsignal FRED</subfield><subfield code="x">UZB/Z01/202212</subfield></datafield></record>