<record><leader>02951nam a2200469 c 4500</leader><controlfield tag="001">991171033010205501</controlfield><controlfield tag="005">20230203114851.0</controlfield><controlfield tag="008">220324s2023    flu       f   001 0 eng  </controlfield><datafield tag="010" ind1=" " ind2=" "><subfield code="a">  2022004761</subfield></datafield><datafield tag="015" ind1=" " ind2=" "><subfield code="a">GBC2A2498</subfield><subfield code="2">bnb</subfield></datafield><datafield tag="016" ind1="7" ind2=" "><subfield code="a">020640930</subfield><subfield code="2">Uk</subfield></datafield><datafield tag="020" ind1=" " ind2=" "><subfield code="a">9780367687779</subfield><subfield code="q">hbk</subfield></datafield><datafield tag="020" ind1=" " ind2=" "><subfield code="a">0367687771</subfield></datafield><datafield tag="020" ind1=" " ind2=" "><subfield code="a">9780367687786</subfield><subfield code="q">pbk</subfield></datafield><datafield tag="020" ind1=" " ind2=" "><subfield code="a">036768778X</subfield></datafield><datafield tag="035" ind1=" " ind2=" "><subfield code="a">(OCoLC)1294287399</subfield><subfield code="z">(OCoLC)1294136308</subfield><subfield code="z">(OCoLC)1294219771</subfield></datafield><datafield tag="040" ind1=" " ind2=" "><subfield code="a">DLC</subfield><subfield code="b">ger</subfield><subfield code="c">DLC</subfield><subfield code="e">rda</subfield><subfield code="d">CH-ZuSLS UZB ZB</subfield></datafield><datafield tag="042" ind1=" " ind2=" "><subfield code="a">pcc</subfield></datafield><datafield tag="050" ind1="0" ind2="0"><subfield code="a">QA76.73.P98</subfield><subfield code="b">H364 2022</subfield></datafield><datafield tag="082" ind1="0" ind2="0"><subfield code="a">005.13/3</subfield><subfield code="2">23/eng/20220416</subfield></datafield><datafield tag="082" ind1="7" ind2="4"><subfield code="a">004</subfield><subfield code="2">23sdnb</subfield></datafield><datafield tag="245" ind1="0" ind2="0"><subfield code="a">Handbook of computer programming with Python</subfield><subfield code="c">edited by Dimitrios Xanthidis, Christos Manolas, Ourania K. Xanthidou, Han-I Wang</subfield></datafield><datafield tag="250" ind1=" " ind2=" "><subfield code="a">First edition</subfield></datafield><datafield tag="264" ind1=" " ind2="1"><subfield code="a">Boca Raton</subfield><subfield code="b">CRC Press</subfield><subfield code="c">2023</subfield></datafield><datafield tag="300" ind1=" " ind2=" "><subfield code="a">x, 619 Seiten</subfield><subfield code="b">Illustrationen</subfield><subfield code="c">26 cm</subfield></datafield><datafield tag="336" ind1=" " ind2=" "><subfield code="b">txt</subfield><subfield code="2">rdacontent</subfield></datafield><datafield tag="337" ind1=" " ind2=" "><subfield code="b">n</subfield><subfield code="2">rdamedia</subfield></datafield><datafield tag="338" ind1=" " ind2=" "><subfield code="b">nc</subfield><subfield code="2">rdacarrier</subfield></datafield><datafield tag="500" ind1=" " ind2=" "><subfield code="a">"A Chapman &amp; Hall book"</subfield></datafield><datafield tag="504" ind1=" " ind2=" "><subfield code="a">Includes bibliographical references and index</subfield></datafield><datafield tag="520" ind1=" " ind2=" "><subfield code="a">"From geometric primitives to animation to 3D modeling to lighting, shading and texturing, Computer Graphics Through OpenGL®: From Theory to Experiments is a comprehensive introduction to computer graphics which uses an active learning style to teach key concepts. Equally emphasizing theory and practice, the book provides an understanding not only of the principles of 3D computer graphics, but also the use of the OpenGL® Application Programming Interface (API) to code 3D scenes and animation, including games and movies. The undergraduate core of the book takes the student from zero knowledge of computer graphics to a mastery of the fundamental concepts with the ability to code applications using fourth-generation OpenGL®, as well as using WebGL® in order to publish to the web. The remaining chapters explore more advanced topics, including the structure of curves and surfaces, applications of projective spaces and transformations and the implementation of graphics pipelines. This book can be used for introductory undergraduate computer graphics courses over one to two semesters. The careful exposition style attempting to explain each concept in the simplest terms possible should appeal to the self-study student as well."</subfield></datafield><datafield tag="650" ind1=" " ind2="0"><subfield code="a">Python (Computer program language)</subfield></datafield><datafield tag="650" ind1=" " ind2="0"><subfield code="a">Computer programming</subfield></datafield><datafield tag="650" ind1=" " ind2="6"><subfield code="a">Python (Langage de programmation)</subfield></datafield><datafield tag="650" ind1=" " ind2="6"><subfield code="a">Programmation (Informatique)</subfield></datafield><datafield tag="650" ind1=" " ind2="7"><subfield code="a">computer programming</subfield><subfield code="2">aat</subfield></datafield><datafield tag="650" ind1=" " ind2="7"><subfield code="a">Computer programming</subfield><subfield code="2">fast</subfield><subfield code="0">(OCoLC)fst00872390</subfield></datafield><datafield tag="650" ind1=" " ind2="7"><subfield code="a">Python (Computer program language)</subfield><subfield code="2">fast</subfield><subfield code="0">(OCoLC)fst01084736</subfield></datafield><datafield tag="700" ind1="1" ind2=" "><subfield code="a">Xanthidis, Dimitrios</subfield><subfield code="4">edt</subfield></datafield><datafield tag="776" ind1="0" ind2="8"><subfield code="i">Erscheint auch als</subfield><subfield code="n">Online-Ausgabe, EPUB</subfield><subfield code="z">9781000619867</subfield></datafield><datafield tag="776" ind1="0" ind2="8"><subfield code="i">Erscheint auch als</subfield><subfield code="n">Online-Ausgabe, ebk</subfield><subfield code="z">9781003139010</subfield></datafield><datafield tag="776" ind1="0" ind2="8"><subfield code="i">Erscheint auch als</subfield><subfield code="n">Online-Ausgabe, PDF</subfield><subfield code="z">9781000619553</subfield></datafield></record>