<record><leader>01180nam a2200253 c 4500</leader><controlfield tag="001">991171056243005501</controlfield><controlfield tag="005">20221123150325.0</controlfield><controlfield tag="008">221101t2023    sz ||||      |00| ||eng d</controlfield><datafield tag="020" ind1=" " ind2=" "><subfield code="a">9783031137136</subfield></datafield><datafield tag="040" ind1=" " ind2=" "><subfield code="a">CH-ZuSLS HESSO HEIG-VD</subfield><subfield code="b">fre</subfield><subfield code="e">rda</subfield></datafield><datafield tag="100" ind1="1" ind2=" "><subfield code="a">Taillard, Éric</subfield><subfield code="d">19..-....</subfield><subfield code="0">(IDREF)192296515</subfield><subfield code="4">aut</subfield></datafield><datafield tag="245" ind1="1" ind2="0"><subfield code="a">Design of heuristic algorithms for hard optimization</subfield><subfield code="b">with Python codes for the travelling salesman problem</subfield><subfield code="c">Éric D. Taillard</subfield></datafield><datafield tag="264" ind1=" " ind2="1"><subfield code="a">Cham</subfield><subfield code="b">Springer</subfield><subfield code="c">[2023]</subfield></datafield><datafield tag="264" ind1=" " ind2="4"><subfield code="c">©2023</subfield></datafield><datafield tag="300" ind1=" " ind2=" "><subfield code="a">XV, 287 pages</subfield><subfield code="b">illustrations</subfield></datafield><datafield tag="336" ind1=" " ind2=" "><subfield code="b">txt</subfield><subfield code="2">rdacontent</subfield></datafield><datafield tag="337" ind1=" " ind2=" "><subfield code="b">n</subfield><subfield code="2">rdamedia</subfield></datafield><datafield tag="338" ind1=" " ind2=" "><subfield code="b">nc</subfield><subfield code="2">rdacarrier</subfield></datafield><datafield tag="490" ind1="0" ind2=" "><subfield code="a">Graduate texts in operations research</subfield></datafield><datafield tag="650" ind1=" " ind2="7"><subfield code="2">ETHUDK</subfield></datafield><datafield tag="650" ind1=" " ind2="7"><subfield code="a">MÉTHODES HEURISTIQUES (RECHERCHE OPÉRATIONNELLE)</subfield><subfield code="9">fre</subfield><subfield code="0">(ETHUDK)000048813</subfield><subfield code="2">ETHUDK</subfield></datafield><datafield tag="650" ind1=" " ind2="7"><subfield code="a">PROBLÈMES COMBINATOIRES (OPTIMISATION DISCRÈTE)</subfield><subfield code="9">fre</subfield><subfield code="0">(ETHUDK)000013865</subfield><subfield code="2">ETHUDK</subfield></datafield><datafield tag="650" ind1=" " ind2="7"><subfield code="a">ALGORITHMES EN THÉORIE DES GRAPHES + ALGORITHMES GÉOMÉTRIQUES (THÉORIE DES GRAPHES)</subfield><subfield code="9">fre</subfield><subfield code="0">(ETHUDK)000047857</subfield><subfield code="2">ETHUDK</subfield></datafield><datafield tag="655" ind1=" " ind2="7"><subfield code="a">[Manuels d'enseignement supérieur]</subfield><subfield code="0">(RERO)A021035909</subfield><subfield code="2">rero</subfield></datafield></record>