<record><leader>02314nam a22003738c 4500</leader><controlfield tag="001">991171104173205501</controlfield><controlfield tag="005">20221123084659.0</controlfield><controlfield tag="008">220708s2023    flu      b    001 0 eng  </controlfield><datafield tag="010" ind1=" " ind2=" "><subfield code="a">  2022026521</subfield></datafield><datafield tag="020" ind1=" " ind2=" "><subfield code="a">9780367749361</subfield><subfield code="q">hbk</subfield></datafield><datafield tag="020" ind1=" " ind2=" "><subfield code="a">036774936X</subfield></datafield><datafield tag="020" ind1=" " ind2=" "><subfield code="a">9780367744519</subfield><subfield code="q">pbk</subfield></datafield><datafield tag="020" ind1=" " ind2=" "><subfield code="a">0367744511</subfield></datafield><datafield tag="035" ind1=" " ind2=" "><subfield code="a">(OCoLC)1348934576</subfield></datafield><datafield tag="040" ind1=" " ind2=" "><subfield code="a">DLC</subfield><subfield code="b">ger</subfield><subfield code="e">rda</subfield><subfield code="c">DLC</subfield><subfield code="d">CH-ZuSLS UZB ZB</subfield></datafield><datafield tag="042" ind1=" " ind2=" "><subfield code="a">pcc</subfield></datafield><datafield tag="050" ind1="0" ind2="0"><subfield code="a">QA276.45.P98</subfield><subfield code="b">R64 2023</subfield></datafield><datafield tag="082" ind1="0" ind2="0"><subfield code="a">519.50285/5133</subfield><subfield code="2">23/eng20221026</subfield></datafield><datafield tag="100" ind1="1" ind2=" "><subfield code="a">Rogel-Salazar, Jesus</subfield><subfield code="4">aut</subfield></datafield><datafield tag="245" ind1="1" ind2="0"><subfield code="a">Statistics and data visualisation with Python</subfield><subfield code="c">Dr. Jesús Rogel-Salazar</subfield></datafield><datafield tag="250" ind1=" " ind2=" "><subfield code="a">First edition</subfield></datafield><datafield tag="263" ind1=" " ind2=" "><subfield code="a">2212</subfield></datafield><datafield tag="264" ind1=" " ind2="1"><subfield code="a">Boca Raton, FL</subfield><subfield code="b">CRC Press</subfield><subfield code="c">2023</subfield></datafield><datafield tag="300" ind1=" " ind2=" "><subfield code="a">Seiten</subfield></datafield><datafield tag="336" ind1=" " ind2=" "><subfield code="b">txt</subfield><subfield code="2">rdacontent</subfield></datafield><datafield tag="337" ind1=" " ind2=" "><subfield code="b">n</subfield><subfield code="2">rdamedia</subfield></datafield><datafield tag="338" ind1=" " ind2=" "><subfield code="b">nc</subfield><subfield code="2">rdacarrier</subfield></datafield><datafield tag="490" ind1="0" ind2=" "><subfield code="a">Chapman &amp; Hall/CRC Press the python series</subfield></datafield><datafield tag="504" ind1=" " ind2=" "><subfield code="a">Enthält bibliografische Referenzen und Index</subfield></datafield><datafield tag="520" ind1=" " ind2=" "><subfield code="a">"This book is intended to serve as a bridge in statistics for graduates and business practitioners interested in using their skills in the area of data science and analytics as well as statistical analysis in general. On the one hand, the book is intended to be a refresher for readers that have taken some courses in statistics, but who have not necessarily used it in their day-to-day work. On the other hand, the material can be suitable for readers interested in the subject as a first encounter with statistical work in Python. Statistics and Data Visualisation with Python aims to build statistical knowledge from the ground up by enabling the reader to understand the ideas behind inferential statistics, and begin to formulate hypotheses that form the foundations for the applications and algorithms in statistical analysis, business analytics, machine learning and applied machine learning. This book begins with the basics of programming in Python and data analysis, to help construct a solid basis in statistical methods and hypothesis testing, which are useful in many modern applications"--</subfield><subfield code="c">Provided by publisher.</subfield></datafield><datafield tag="650" ind1=" " ind2="0"><subfield code="a">Mathematical statistics</subfield><subfield code="x">Data processing</subfield></datafield><datafield tag="650" ind1=" " ind2="0"><subfield code="a">Python (Computer program language)</subfield></datafield><datafield tag="650" ind1=" " ind2="0"><subfield code="a">Information visualization</subfield></datafield><datafield tag="776" ind1="0" ind2="8"><subfield code="i">Erscheint auch als</subfield><subfield code="n">Online-Ausgabe (ebk)</subfield><subfield code="z">9781003160359</subfield></datafield></record>