<record><leader>01050nam a22003138c 4500</leader><controlfield tag="001">991171105403405501</controlfield><controlfield tag="005">20221125230103.0</controlfield><controlfield tag="008">221020s2023    maua          001 0 eng d</controlfield><datafield tag="015" ind1=" " ind2=" "><subfield code="a">GBC2K0036</subfield><subfield code="2">bnb</subfield></datafield><datafield tag="016" ind1="7" ind2=" "><subfield code="a">020800866</subfield><subfield code="2">Uk</subfield></datafield><datafield tag="020" ind1=" " ind2=" "><subfield code="a">9781098111878</subfield><subfield code="q">pbk.</subfield></datafield><datafield tag="020" ind1=" " ind2=" "><subfield code="a">1098111877</subfield></datafield><datafield tag="035" ind1=" " ind2=" "><subfield code="a">(OCoLC)1350640045</subfield></datafield><datafield tag="040" ind1=" " ind2=" "><subfield code="a">UKMGB</subfield><subfield code="b">ger</subfield><subfield code="e">rda</subfield><subfield code="c">UKMGB</subfield><subfield code="d">CH-ZuSLS UZB ZB</subfield></datafield><datafield tag="082" ind1="0" ind2="4"><subfield code="a">001.4226</subfield><subfield code="2">23</subfield></datafield><datafield tag="100" ind1="1" ind2=" "><subfield code="a">Dale, Kyran</subfield><subfield code="4">aut</subfield></datafield><datafield tag="245" ind1="1" ind2="0"><subfield code="a">Data visualization with Python and JavaScript</subfield><subfield code="b">scrape, clean, explore &amp; transform your data</subfield><subfield code="c">Kyran Dale</subfield></datafield><datafield tag="250" ind1=" " ind2=" "><subfield code="a">Second edition</subfield></datafield><datafield tag="264" ind1=" " ind2="1"><subfield code="a">Cambridge</subfield><subfield code="b">O'Reilly</subfield><subfield code="c">2023</subfield></datafield><datafield tag="300" ind1=" " ind2=" "><subfield code="a">553 Seiten</subfield><subfield code="b">illustrations (black and white, and colour)</subfield><subfield code="c">23 cm</subfield></datafield><datafield tag="336" ind1=" " ind2=" "><subfield code="a">text</subfield><subfield code="2">rdacontent</subfield></datafield><datafield tag="336" ind1=" " ind2=" "><subfield code="a">still image</subfield><subfield code="2">rdacontent</subfield></datafield><datafield tag="337" ind1=" " ind2=" "><subfield code="a">unmediated</subfield><subfield code="2">rdamedia</subfield></datafield><datafield tag="338" ind1=" " ind2=" "><subfield code="a">volume</subfield><subfield code="2">rdacarrier</subfield></datafield><datafield tag="500" ind1=" " ind2=" "><subfield code="a">Previous edition: 2016</subfield></datafield><datafield tag="500" ind1=" " ind2=" "><subfield code="a">Includes index</subfield></datafield><datafield tag="650" ind1=" " ind2="0"><subfield code="a">Information visualization</subfield></datafield><datafield tag="650" ind1=" " ind2="0"><subfield code="a">Python (Computer program language)</subfield></datafield><datafield tag="650" ind1=" " ind2="0"><subfield code="a">JavaScript (Computer program language)</subfield></datafield></record>