<record><leader>00845nam a22002538c 4500</leader><controlfield tag="001">991171113493405501</controlfield><controlfield tag="005">20221209230040.0</controlfield><controlfield tag="008">221118s2023    gw     | |||| 00||||ger d</controlfield><datafield tag="015" ind1=" " ind2=" "><subfield code="a">22,N47</subfield><subfield code="2">dnb</subfield></datafield><datafield tag="016" ind1="7" ind2=" "><subfield code="2">DE-101</subfield><subfield code="a">1273086228</subfield></datafield><datafield tag="020" ind1=" " ind2=" "><subfield code="a">9783836291293</subfield></datafield><datafield tag="020" ind1=" " ind2=" "><subfield code="a">3836291290</subfield></datafield><datafield tag="035" ind1=" " ind2=" "><subfield code="a">(DE-101)1273086228</subfield></datafield><datafield tag="035" ind1=" " ind2=" "><subfield code="a">(DE-599)DNB1273086228</subfield></datafield><datafield tag="040" ind1=" " ind2=" "><subfield code="a">DE-101</subfield><subfield code="b">ger</subfield><subfield code="c">DE-101</subfield><subfield code="d">CH-ZuSLS BVERW BIG</subfield><subfield code="e">rda</subfield></datafield><datafield tag="100" ind1="1" ind2=" "><subfield code="a">Ernesti, Johannes</subfield><subfield code="4">aut</subfield></datafield><datafield tag="245" ind1="1" ind2="0"><subfield code="a">Python 3</subfield><subfield code="b">Das umfassende Handbuch: Über 1.000 Seiten Sprachgrundlagen, OOP und Beispielprogramme</subfield><subfield code="c">Johannes Ernesti, Peter Kaiser</subfield></datafield><datafield tag="250" ind1=" " ind2=" "><subfield code="a">7. Auflage, revidierte Ausgabe</subfield></datafield><datafield tag="264" ind1=" " ind2="1"><subfield code="a">Bonn</subfield><subfield code="b">Rheinwerk</subfield><subfield code="b">Rheinwerk Computing</subfield><subfield code="c">2023</subfield></datafield><datafield tag="300" ind1=" " ind2=" "><subfield code="a">1080 Seiten</subfield></datafield><datafield tag="336" ind1=" " ind2=" "><subfield code="b">txt</subfield><subfield code="2">rdacontent</subfield></datafield><datafield tag="337" ind1=" " ind2=" "><subfield code="b">n</subfield><subfield code="2">rdamedia</subfield></datafield><datafield tag="338" ind1=" " ind2=" "><subfield code="b">nc</subfield><subfield code="2">rdacarrier</subfield></datafield><datafield tag="700" ind1="1" ind2=" "><subfield code="a">Kaiser, Peter</subfield><subfield code="4">aut</subfield></datafield></record>