<record><leader>00644nam a22002058c 4500</leader><controlfield tag="001">991171113616005501</controlfield><controlfield tag="005">20221208230040.0</controlfield><controlfield tag="008">221021s2023    gw ||||| |||| 00||||ger  </controlfield><datafield tag="020" ind1=" " ind2=" "><subfield code="a">9783527718498</subfield></datafield><datafield tag="040" ind1=" " ind2=" "><subfield code="a">DE-101</subfield><subfield code="b">ger</subfield><subfield code="c">DE-101</subfield><subfield code="d">CH-ZuSLS BVERW BIG</subfield><subfield code="e">rda</subfield></datafield><datafield tag="100" ind1="1" ind2=" "><subfield code="a">Hofmeister, Johannes C.</subfield><subfield code="4">aut</subfield></datafield><datafield tag="245" ind1="1" ind2="0"><subfield code="a">Python für Dummies Alles-in-einem-Band</subfield><subfield code="c">Johannes C. Hofmeister, Horst Schneider</subfield></datafield><datafield tag="250" ind1=" " ind2=" "><subfield code="a">1. Auflage</subfield></datafield><datafield tag="264" ind1=" " ind2="1"><subfield code="a">Weinheim</subfield><subfield code="b">Wiley-VCH</subfield><subfield code="c">2023</subfield></datafield><datafield tag="300" ind1=" " ind2=" "><subfield code="a">800 Seiten</subfield></datafield><datafield tag="336" ind1=" " ind2=" "><subfield code="b">txt</subfield><subfield code="2">rdacontent</subfield></datafield><datafield tag="337" ind1=" " ind2=" "><subfield code="b">n</subfield><subfield code="2">rdamedia</subfield></datafield><datafield tag="338" ind1=" " ind2=" "><subfield code="b">nc</subfield><subfield code="2">rdacarrier</subfield></datafield><datafield tag="490" ind1="0" ind2=" "><subfield code="a">... für Dummies</subfield></datafield><datafield tag="700" ind1="1" ind2=" "><subfield code="a">Schneider, Horst</subfield><subfield code="4">aut</subfield></datafield></record>