<record><leader>01295nam a22003258c 4500</leader><controlfield tag="001">991171118031905501</controlfield><controlfield tag="005">20221222230033.0</controlfield><controlfield tag="008">221104s2023    mau           000 0 eng d</controlfield><datafield tag="015" ind1=" " ind2=" "><subfield code="a">GBC2K4879</subfield><subfield code="2">bnb</subfield></datafield><datafield tag="016" ind1="7" ind2=" "><subfield code="a">020807690</subfield><subfield code="2">Uk</subfield></datafield><datafield tag="020" ind1=" " ind2=" "><subfield code="a">9781098113551</subfield><subfield code="q">pbk.</subfield></datafield><datafield tag="020" ind1=" " ind2=" "><subfield code="a">1098113551</subfield></datafield><datafield tag="035" ind1=" " ind2=" "><subfield code="a">(OCoLC)1351696745</subfield></datafield><datafield tag="040" ind1=" " ind2=" "><subfield code="a">UKMGB</subfield><subfield code="b">eng</subfield><subfield code="e">rda</subfield><subfield code="c">UKMGB</subfield><subfield code="d">OCLCF</subfield><subfield code="d">CH-ZuSLS UZB ZB</subfield></datafield><datafield tag="082" ind1="0" ind2="4"><subfield code="a">005.133</subfield><subfield code="2">23</subfield></datafield><datafield tag="100" ind1="1" ind2=" "><subfield code="a">Martelli, Alex</subfield><subfield code="1">https://isni.org/isni/0000000117696831.</subfield><subfield code="4">aut</subfield></datafield><datafield tag="245" ind1="1" ind2="0"><subfield code="a">Python in a nutshell</subfield></datafield><datafield tag="250" ind1=" " ind2=" "><subfield code="a">Fourth edition /</subfield><subfield code="b">Alex Martelli, Anna Ravenscroft, Steve Holden, Paul McGuire</subfield></datafield><datafield tag="264" ind1=" " ind2="1"><subfield code="a">Cambridge</subfield><subfield code="b">O'Reilly</subfield><subfield code="c">2023</subfield></datafield><datafield tag="300" ind1=" " ind2=" "><subfield code="a">1 volume</subfield><subfield code="c">23 cm</subfield></datafield><datafield tag="336" ind1=" " ind2=" "><subfield code="a">text</subfield><subfield code="2">rdacontent</subfield><subfield code="b">txt</subfield></datafield><datafield tag="337" ind1=" " ind2=" "><subfield code="a">unmediated</subfield><subfield code="2">rdamedia</subfield><subfield code="b">n</subfield></datafield><datafield tag="338" ind1=" " ind2=" "><subfield code="a">volume</subfield><subfield code="2">rdacarrier</subfield><subfield code="b">nc</subfield></datafield><datafield tag="500" ind1=" " ind2=" "><subfield code="a">Previous edition: published as by Alex Martelli, Anna Ravenscroft, Steve Holden. 2017</subfield></datafield><datafield tag="650" ind1=" " ind2="0"><subfield code="a">Python (Computer program language)</subfield></datafield><datafield tag="650" ind1=" " ind2="7"><subfield code="a">Python (Computer program language)</subfield><subfield code="2">fast</subfield><subfield code="0">(OCoLC)fst01084736</subfield></datafield><datafield tag="700" ind1="1" ind2=" "><subfield code="a">Ravenscroft, Anna Martelli</subfield><subfield code="1">https://isni.org/isni/0000000115677282.</subfield><subfield code="4">aut</subfield></datafield><datafield tag="700" ind1="1" ind2=" "><subfield code="a">Holden, Steve</subfield><subfield code="d">1950-</subfield><subfield code="1">https://isni.org/isni/0000000043127977.</subfield><subfield code="4">aut</subfield></datafield><datafield tag="700" ind1="1" ind2=" "><subfield code="a">McGuire, Paul</subfield><subfield code="4">aut</subfield></datafield><datafield tag="700" ind1="1" ind2="2"><subfield code="a">Martelli, Alex.</subfield><subfield code="t">Python in a nutshell.</subfield><subfield code="s">Third edition.</subfield></datafield></record>