<record><leader>00956nam a22003138c 4500</leader><controlfield tag="001">991171120270805501</controlfield><controlfield tag="005">20230103230039.0</controlfield><controlfield tag="008">221222s2023    mau           001 0 eng d</controlfield><datafield tag="015" ind1=" " ind2=" "><subfield code="a">GBC2K4887</subfield><subfield code="2">bnb</subfield></datafield><datafield tag="016" ind1="7" ind2=" "><subfield code="a">020807698</subfield><subfield code="2">Uk</subfield></datafield><datafield tag="020" ind1=" " ind2=" "><subfield code="a">9781098121228</subfield><subfield code="q">pbk.</subfield></datafield><datafield tag="020" ind1=" " ind2=" "><subfield code="a">1098121228</subfield></datafield><datafield tag="035" ind1=" " ind2=" "><subfield code="a">(OCoLC)1355855878</subfield></datafield><datafield tag="040" ind1=" " ind2=" "><subfield code="a">S3O</subfield><subfield code="b">swe</subfield><subfield code="e">rda</subfield><subfield code="c">S3O</subfield><subfield code="d">CH-ZuSLS UZB ZB</subfield></datafield><datafield tag="082" ind1="0" ind2="4"><subfield code="a">006.312</subfield><subfield code="2">23</subfield></datafield><datafield tag="100" ind1="1" ind2=" "><subfield code="a">Vanderplas, Jacob T.</subfield><subfield code="4">aut</subfield></datafield><datafield tag="245" ind1="1" ind2="0"><subfield code="a">Python data science handbook</subfield><subfield code="b">essential tools for working with data</subfield><subfield code="c">Jake VanderPlas</subfield></datafield><datafield tag="250" ind1=" " ind2=" "><subfield code="a">Second edition</subfield></datafield><datafield tag="264" ind1=" " ind2="1"><subfield code="a">Cambridge</subfield><subfield code="b">O'Reilly</subfield><subfield code="c">2023</subfield></datafield><datafield tag="300" ind1=" " ind2=" "><subfield code="a">1 volume</subfield><subfield code="c">24 cm</subfield></datafield><datafield tag="336" ind1=" " ind2=" "><subfield code="b">txt</subfield><subfield code="2">rdacontent</subfield></datafield><datafield tag="337" ind1=" " ind2=" "><subfield code="b">n</subfield><subfield code="2">rdamedia</subfield></datafield><datafield tag="338" ind1=" " ind2=" "><subfield code="b">nc</subfield><subfield code="2">rdacarrier</subfield></datafield><datafield tag="500" ind1=" " ind2=" "><subfield code="a">Includes index</subfield></datafield><datafield tag="500" ind1=" " ind2=" "><subfield code="a">Previous edition: 2016</subfield></datafield><datafield tag="650" ind1=" " ind2="0"><subfield code="a">Data mining</subfield></datafield><datafield tag="650" ind1=" " ind2="0"><subfield code="a">Python (Computer program language)</subfield></datafield><datafield tag="650" ind1=" " ind2="7"><subfield code="a">Data mining</subfield><subfield code="2">fast</subfield></datafield><datafield tag="650" ind1=" " ind2="7"><subfield code="a">Python (Computer program language)</subfield><subfield code="2">fast</subfield></datafield></record>