<record><leader>02248nam a22003975c 4500</leader><controlfield tag="001">991171120406805501</controlfield><controlfield tag="005">20221223230045.0</controlfield><controlfield tag="008">220824s2023    flu      b    001 0 eng  </controlfield><datafield tag="010" ind1=" " ind2=" "><subfield code="a">  2022037925</subfield></datafield><datafield tag="020" ind1=" " ind2=" "><subfield code="a">9781032211039</subfield><subfield code="q">hardback</subfield></datafield><datafield tag="020" ind1=" " ind2=" "><subfield code="a">1032211032</subfield></datafield><datafield tag="020" ind1=" " ind2=" "><subfield code="a">9781003266730</subfield><subfield code="q">paperback</subfield></datafield><datafield tag="020" ind1=" " ind2=" "><subfield code="a">1003266738</subfield></datafield><datafield tag="020" ind1=" " ind2=" "><subfield code="z">9781032211053</subfield><subfield code="q">ebook</subfield></datafield><datafield tag="035" ind1=" " ind2=" "><subfield code="a">(OCoLC)1345614137</subfield></datafield><datafield tag="040" ind1=" " ind2=" "><subfield code="a">DLC</subfield><subfield code="b">eng</subfield><subfield code="e">rda</subfield><subfield code="c">DLC</subfield><subfield code="d">CH-ZuSLS UBE</subfield></datafield><datafield tag="042" ind1=" " ind2=" "><subfield code="a">pcc</subfield></datafield><datafield tag="050" ind1="0" ind2="0"><subfield code="a">HG6024.A3</subfield><subfield code="b">A455 2023</subfield></datafield><datafield tag="082" ind1="0" ind2="0"><subfield code="a">332.64/57</subfield><subfield code="2">23/eng/20220923</subfield></datafield><datafield tag="100" ind1="1" ind2=" "><subfield code="a">Alòs, Elisa</subfield><subfield code="4">aut</subfield></datafield><datafield tag="245" ind1="1" ind2="0"><subfield code="a">Introduction to financial derivatives with Python</subfield><subfield code="c">Elisa Alòs, University of Barcelona, Spain, Raúl Merino, Pompeu Fabra University, Spain</subfield></datafield><datafield tag="263" ind1=" " ind2=" "><subfield code="a">2212</subfield></datafield><datafield tag="264" ind1=" " ind2="1"><subfield code="a">Boca Raton</subfield><subfield code="b">Chapman &amp; Hall, CRC Press</subfield><subfield code="c">2023</subfield></datafield><datafield tag="300" ind1=" " ind2=" "><subfield code="a">pages cm.</subfield></datafield><datafield tag="336" ind1=" " ind2=" "><subfield code="b">txt</subfield><subfield code="2">rdacontent</subfield></datafield><datafield tag="337" ind1=" " ind2=" "><subfield code="b">n</subfield><subfield code="2">rdamedia</subfield></datafield><datafield tag="338" ind1=" " ind2=" "><subfield code="b">nc</subfield><subfield code="2">rdacarrier</subfield></datafield><datafield tag="490" ind1="0" ind2=" "><subfield code="a">Chapman &amp; Hall/CRC financial mathematics series</subfield></datafield><datafield tag="504" ind1=" " ind2=" "><subfield code="a">Includes bibliographical references and index</subfield></datafield><datafield tag="520" ind1=" " ind2=" "><subfield code="a">"Introduction to Financial Derivatives with Python is an ideal textbook for an undergraduate course on derivatives, whether on a finance, economics, or financial mathematics programme. As well as covering all of the essential topics one would expect to be covered, the book also includes the basis of the numerical techniques most used in the financial industry, and their implementation in Python. Features Connected to a Github repository with the codes in the book. The repository can be accessed at https://bit.ly/3bllnuf Suitable for undergraduate students, as well as anyone who wants a gentle introduction to the principles of quantitative finance No pre-requisites required for programming or advanced mathematics beyond basic calculus"--</subfield><subfield code="c">Provided by publisher.</subfield></datafield><datafield tag="650" ind1=" " ind2="0"><subfield code="a">Derivative securities</subfield></datafield><datafield tag="650" ind1=" " ind2="0"><subfield code="a">Python (Computer program language)</subfield></datafield><datafield tag="650" ind1=" " ind2="7"><subfield code="a">Derivative securities</subfield><subfield code="2">fast</subfield><subfield code="0">(OCoLC)fst00891019</subfield></datafield><datafield tag="650" ind1=" " ind2="7"><subfield code="a">Python (Computer program language)</subfield><subfield code="2">fast</subfield><subfield code="0">(OCoLC)fst01084736</subfield></datafield><datafield tag="700" ind1="1" ind2=" "><subfield code="a">Merino, Raúl</subfield><subfield code="4">aut</subfield></datafield><datafield tag="776" ind1="0" ind2="8"><subfield code="i">Online version</subfield><subfield code="a">Alòs, Elisa.</subfield><subfield code="t">Introduction to financial derivatives with Python</subfield><subfield code="d">Boca Raton : Chapman &amp; Hall, CRC Press, 2023</subfield><subfield code="z">9781032211053</subfield></datafield></record>