<record><leader>01323naa a2200277 c 4500</leader><controlfield tag="001">991171130508305501</controlfield><controlfield tag="005">20230116162648.0</controlfield><controlfield tag="008">230116s2023    fr a|||g      000 | fre d</controlfield><datafield tag="040" ind1=" " ind2=" "><subfield code="a">CH-ZuSLS HESSO HEPIA</subfield><subfield code="b">fre</subfield><subfield code="e">rda</subfield></datafield><datafield tag="082" ind1="7" ind2="4"><subfield code="a">004</subfield><subfield code="2">23sdnb</subfield></datafield><datafield tag="245" ind1="0" ind2="0"><subfield code="a">Python 3.11</subfield><subfield code="b">tour d'horizon des nouveautés en pratique</subfield></datafield><datafield tag="264" ind1=" " ind2="1"><subfield code="a">Colmar</subfield><subfield code="b">Editions Diamond</subfield><subfield code="c">2023</subfield></datafield><datafield tag="300" ind1=" " ind2=" "><subfield code="a">82 pages</subfield><subfield code="b">illustrations</subfield><subfield code="c">28 cm</subfield></datafield><datafield tag="336" ind1=" " ind2=" "><subfield code="b">txt</subfield><subfield code="2">rdacontent</subfield></datafield><datafield tag="337" ind1=" " ind2=" "><subfield code="b">n</subfield><subfield code="2">rdamedia</subfield></datafield><datafield tag="338" ind1=" " ind2=" "><subfield code="b">nc</subfield><subfield code="2">rdacarrier</subfield></datafield><datafield tag="505" ind1="2" ind2=" "><subfield code="a">Apprendre à utiliser les modules de C++20 avec les compilateurs GCC 11 et Clang 14</subfield></datafield><datafield tag="505" ind1="2" ind2=" "><subfield code="a">Principes et limitations des corps de galois dans la génération de nombres pseudo-aléatoires</subfield></datafield><datafield tag="505" ind1="2" ind2=" "><subfield code="a">Développez vos scripts sans avoir à vous soucier des dépendances grâce à poetry</subfield></datafield><datafield tag="505" ind1="2" ind2=" "><subfield code="a">Créez une application graphique en combinant Chromium, Electron et le Framework react</subfield></datafield><datafield tag="505" ind1="2" ind2=" "><subfield code="a">Découvrez comment créer vos propres ports freebsd et distribuer vos créations</subfield></datafield><datafield tag="650" ind1=" " ind2="7"><subfield code="a">Informatique</subfield><subfield code="0">(IDREF)027234886</subfield><subfield code="2">idref</subfield></datafield><datafield tag="650" ind1=" " ind2="7"><subfield code="a">Logiciels libres</subfield><subfield code="0">(IDREF)050678051</subfield><subfield code="2">idref</subfield></datafield><datafield tag="650" ind1=" " ind2="7"><subfield code="a">Linux (logiciels)</subfield><subfield code="0">(IDREF)050773313</subfield><subfield code="2">idref</subfield></datafield><datafield tag="655" ind1=" " ind2="7"><subfield code="a">Articles de périodiques</subfield><subfield code="0">(IDREF)122706463</subfield><subfield code="2">idref</subfield></datafield><datafield tag="773" ind1="0" ind2=" "><subfield code="t">Linux magazine France</subfield><subfield code="g">no.261(2023:janv./févr.)</subfield><subfield code="g">yr:2023</subfield><subfield code="g">no:261</subfield><subfield code="w">991120800849705501</subfield></datafield></record>