<record><leader>02667nam a22004338c 4500</leader><controlfield tag="001">991171137585305501</controlfield><controlfield tag="005">20230201173616.0</controlfield><controlfield tag="008">221130s2023    flu      b    001 0 eng  </controlfield><datafield tag="010" ind1=" " ind2=" "><subfield code="a">  2022056310</subfield></datafield><datafield tag="020" ind1=" " ind2=" "><subfield code="a">9781032377902</subfield><subfield code="q">hbk</subfield></datafield><datafield tag="020" ind1=" " ind2=" "><subfield code="a">1032377909</subfield></datafield><datafield tag="020" ind1=" " ind2=" "><subfield code="a">9781032378374</subfield><subfield code="q">pbk</subfield></datafield><datafield tag="020" ind1=" " ind2=" "><subfield code="a">1032378379</subfield></datafield><datafield tag="020" ind1=" " ind2=" "><subfield code="z">9781003342175</subfield><subfield code="q">ebk</subfield></datafield><datafield tag="035" ind1=" " ind2=" "><subfield code="a">(OCoLC)1352989557</subfield></datafield><datafield tag="040" ind1=" " ind2=" "><subfield code="a">DLC</subfield><subfield code="b">ger</subfield><subfield code="e">rda</subfield><subfield code="c">DLC</subfield><subfield code="d">YDX</subfield><subfield code="d">CH-ZuSLS UZB ZB</subfield></datafield><datafield tag="042" ind1=" " ind2=" "><subfield code="a">pcc</subfield></datafield><datafield tag="050" ind1="0" ind2="0"><subfield code="a">QA76.73.P98</subfield><subfield code="b">M383 2023</subfield></datafield><datafield tag="082" ind1="0" ind2="0"><subfield code="a">005.13/3</subfield><subfield code="2">23/eng/20221202</subfield></datafield><datafield tag="100" ind1="1" ind2=" "><subfield code="a">Mattingly, William J. B.</subfield><subfield code="4">aut</subfield></datafield><datafield tag="245" ind1="1" ind2="0"><subfield code="a">Introduction to Python for humanists</subfield><subfield code="c">William J.B. Mattingly</subfield></datafield><datafield tag="250" ind1=" " ind2=" "><subfield code="a">First edition</subfield></datafield><datafield tag="264" ind1=" " ind2="1"><subfield code="a">Boca Raton</subfield><subfield code="b">CRC Press</subfield><subfield code="c">[2023]</subfield></datafield><datafield tag="300" ind1=" " ind2=" "><subfield code="a">pages cm.</subfield></datafield><datafield tag="336" ind1=" " ind2=" "><subfield code="b">txt</subfield><subfield code="2">rdacontent</subfield></datafield><datafield tag="337" ind1=" " ind2=" "><subfield code="b">n</subfield><subfield code="2">rdamedia</subfield></datafield><datafield tag="338" ind1=" " ind2=" "><subfield code="b">nc</subfield><subfield code="2">rdacarrier</subfield></datafield><datafield tag="490" ind1="0" ind2=" "><subfield code="a">Chapman &amp; Hall/CRC the Python series</subfield></datafield><datafield tag="504" ind1=" " ind2=" "><subfield code="a">Includes bibliographical references and index</subfield></datafield><datafield tag="520" ind1=" " ind2=" "><subfield code="a">"This book will introduce digital humanists at all levels of education to Python. It provides background and guidance on learning the Python computer programming language, and as it presumes no knowledge on the part of the reader about computers or coding concepts allows the reader to gradually learn the more complex tasks that are currently popular in the field of digital humanities. This book will be aimed at undergraduates, graduates, and faculty who are interested in learning how to use Python as a tool within their workflow. An Introduction to Python for Digital Humanists will act as a primer for students who wish to use Python, allowing them to engage with more advanced textbooks. This book fills a real need, as it is first Python introduction to be aimed squarely at humanities students, as other books currently available do not approach Python from a humanities perspective. It will be designed so that those experienced in Python can teach from it, in addition to allowing those who are interested in being self-taught can use it for that purpose"--</subfield><subfield code="c">Provided by publisher.</subfield></datafield><datafield tag="650" ind1=" " ind2="0"><subfield code="a">Python (Computer program language)</subfield></datafield><datafield tag="650" ind1=" " ind2="0"><subfield code="a">Engineering</subfield><subfield code="x">Data processing</subfield></datafield><datafield tag="650" ind1=" " ind2="0"><subfield code="a">Science</subfield><subfield code="x">Data processing</subfield></datafield><datafield tag="650" ind1=" " ind2="0"><subfield code="a">Computer programming</subfield></datafield><datafield tag="650" ind1=" " ind2="7"><subfield code="a">Computer programming</subfield><subfield code="2">fast</subfield><subfield code="0">(OCoLC)fst00872390</subfield></datafield><datafield tag="650" ind1=" " ind2="7"><subfield code="a">Engineering</subfield><subfield code="x">Data processing</subfield><subfield code="2">fast</subfield><subfield code="0">(OCoLC)fst00910334</subfield></datafield><datafield tag="650" ind1=" " ind2="7"><subfield code="a">Python (Computer program language)</subfield><subfield code="2">fast</subfield><subfield code="0">(OCoLC)fst01084736</subfield></datafield><datafield tag="650" ind1=" " ind2="7"><subfield code="a">Science</subfield><subfield code="x">Data processing</subfield><subfield code="2">fast</subfield><subfield code="0">(OCoLC)fst01108207</subfield></datafield><datafield tag="776" ind1="0" ind2="8"><subfield code="i">Online version</subfield><subfield code="a">Mattingly, William J. B.</subfield><subfield code="t">Introduction to Python for humanists</subfield><subfield code="b">First edition</subfield><subfield code="d">Boca Raton : CRC Press, 2023</subfield><subfield code="z">9781003342175</subfield></datafield></record>