<record><leader>01607nam a22004457c 4500</leader><controlfield tag="001">991171141888005501</controlfield><controlfield tag="005">20230208123543.0</controlfield><controlfield tag="008">230131s2023    xx            000 0 eng d</controlfield><datafield tag="020" ind1=" " ind2=" "><subfield code="a">9783031176456</subfield></datafield><datafield tag="020" ind1=" " ind2=" "><subfield code="a">3031176456</subfield></datafield><datafield tag="035" ind1=" " ind2=" "><subfield code="a">(OCoLC)1367228661</subfield></datafield><datafield tag="040" ind1=" " ind2=" "><subfield code="a">GBVCP</subfield><subfield code="b">ger</subfield><subfield code="e">rda</subfield><subfield code="d">CH-ZuSLS ETH</subfield></datafield><datafield tag="082" ind1="0" ind2="4"><subfield code="a">005.133</subfield></datafield><datafield tag="100" ind1="1" ind2=" "><subfield code="a">Wang, Jay</subfield><subfield code="4">aut</subfield></datafield><datafield tag="245" ind1="1" ind2="0"><subfield code="a">Introduction to computation in physical sciences</subfield><subfield code="b">interactive computing and visualization with Python (TM)</subfield><subfield code="c">Jay Wang, Adam Wang</subfield></datafield><datafield tag="264" ind1=" " ind2="1"><subfield code="a">Cham</subfield><subfield code="b">Springer</subfield><subfield code="c">2023</subfield></datafield><datafield tag="300" ind1=" " ind2=" "><subfield code="a">255 Seiten</subfield></datafield><datafield tag="336" ind1=" " ind2=" "><subfield code="b">txt</subfield><subfield code="2">rdacontent</subfield></datafield><datafield tag="337" ind1=" " ind2=" "><subfield code="b">n</subfield><subfield code="2">rdamedia</subfield></datafield><datafield tag="338" ind1=" " ind2=" "><subfield code="b">nc</subfield><subfield code="2">rdacarrier</subfield></datafield><datafield tag="490" ind1="0" ind2=" "><subfield code="a">Synthesis Lectures on Computation and Analytics</subfield></datafield><datafield tag="650" ind1=" " ind2="4"><subfield code="a">COMPUTERS / Computer Science</subfield></datafield><datafield tag="650" ind1=" " ind2="4"><subfield code="a">COMPUTERS / Data Processing / General</subfield></datafield><datafield tag="650" ind1=" " ind2="4"><subfield code="a">COMPUTERS / Programming / General</subfield></datafield><datafield tag="650" ind1=" " ind2="4"><subfield code="a">COMPUTERS / Programming Languages / Python</subfield></datafield><datafield tag="650" ind1=" " ind2="4"><subfield code="a">Combinatorics &amp; graph theory</subfield></datafield><datafield tag="650" ind1=" " ind2="4"><subfield code="a">Computer programming / software development</subfield></datafield><datafield tag="650" ind1=" " ind2="4"><subfield code="a">Computerprogrammierung und Softwareentwicklung</subfield></datafield><datafield tag="650" ind1=" " ind2="4"><subfield code="a">Informationsvisualisierung</subfield></datafield><datafield tag="650" ind1=" " ind2="4"><subfield code="a">MATHEMATICS / Graphic Methods</subfield></datafield><datafield tag="650" ind1=" " ind2="4"><subfield code="a">Mathematical physics</subfield></datafield><datafield tag="650" ind1=" " ind2="4"><subfield code="a">Mathematical theory of computation</subfield></datafield><datafield tag="650" ind1=" " ind2="4"><subfield code="a">Mathematik für Informatiker</subfield></datafield><datafield tag="650" ind1=" " ind2="4"><subfield code="a">Mathematische Physik</subfield></datafield><datafield tag="650" ind1=" " ind2="4"><subfield code="a">Maths for scientists</subfield></datafield><datafield tag="650" ind1=" " ind2="4"><subfield code="a">Numerische Mathematik</subfield></datafield><datafield tag="650" ind1=" " ind2="4"><subfield code="a">Programmier- und Skriptsprachen, allgemein</subfield></datafield><datafield tag="650" ind1=" " ind2="4"><subfield code="a">Programming &amp; scripting languages: general</subfield></datafield><datafield tag="650" ind1=" " ind2="4"><subfield code="a">SCIENCE / Mathematical Physics</subfield></datafield><datafield tag="700" ind1="1" ind2=" "><subfield code="a">Wang, Adam</subfield><subfield code="4">aut</subfield></datafield></record></collection>